{"data":{"body":[{"date":"2024-02-29","comparisonRooms":8,"comparisonRevenue":3170.842,"comparisonAdr":396.35525},{"date":"2024-03-01","comparisonRooms":12,"comparisonRevenue":3440.5570000000002,"comparisonAdr":286.7130833333334},{"date":"2024-03-02","comparisonRooms":4,"comparisonRevenue":1984.87,"comparisonAdr":496.2175},{"date":"2024-03-03","comparisonRooms":3,"comparisonRevenue":528.1179999999999,"comparisonAdr":176.0393333333333},{"date":"2024-03-04","comparisonRooms":3,"comparisonRevenue":1027.6599999999999,"comparisonAdr":342.5533333333333},{"date":"2024-03-05","comparisonRooms":13,"comparisonRevenue":3574.07,"comparisonAdr":274.92846153846153},{"date":"2024-03-06","comparisonRooms":8,"comparisonRevenue":6377.4890000000005,"comparisonAdr":797.1861250000001},{"date":"2024-03-07","comparisonRooms":11,"comparisonRevenue":2517.4060000000004,"comparisonAdr":228.85509090909093},{"date":"2024-03-08","comparisonRooms":8,"comparisonRevenue":2514.1539999999995,"comparisonAdr":314.26924999999994},{"date":"2024-03-09","comparisonRooms":8,"comparisonRevenue":1315.5720000000001,"comparisonAdr":164.44650000000001},{"date":"2024-03-10","comparisonRooms":4,"comparisonRevenue":1345.94,"comparisonAdr":336.485},{"date":"2024-03-11","comparisonRooms":5,"comparisonRevenue":3077.942,"comparisonAdr":615.5884},{"date":"2024-03-12","comparisonRooms":8,"comparisonRevenue":1465.571,"comparisonAdr":183.196375},{"date":"2024-03-13","comparisonRooms":6,"comparisonRevenue":1392.479,"comparisonAdr":232.07983333333334},{"date":"2024-03-14","comparisonRooms":11,"comparisonRevenue":2707.103,"comparisonAdr":246.10027272727274},{"date":"2024-03-15","comparisonRooms":23,"comparisonRevenue":5189.438000000001,"comparisonAdr":225.62773913043483},{"date":"2024-03-16","comparisonRooms":11,"comparisonRevenue":3594.531,"comparisonAdr":326.77554545454547},{"date":"2024-03-17","comparisonRooms":10,"comparisonRevenue":1708.886,"comparisonAdr":170.8886},{"date":"2024-03-18","comparisonRooms":4,"comparisonRevenue":2287.731,"comparisonAdr":571.93275},{"date":"2024-03-19","comparisonRooms":4,"comparisonRevenue":2044.0990000000002,"comparisonAdr":511.02475000000004},{"date":"2024-03-20","comparisonRooms":17,"comparisonRevenue":5524.6320000000005,"comparisonAdr":324.9783529411765},{"date":"2024-03-21","comparisonRooms":12,"comparisonRevenue":3478.5729999999994,"comparisonAdr":289.88108333333327},{"date":"2024-03-22","comparisonRooms":11,"comparisonRevenue":3163.401,"comparisonAdr":287.58190909090905},{"date":"2024-03-23","comparisonRooms":7,"comparisonRevenue":1163.1329999999998,"comparisonAdr":166.16185714285712},{"date":"2024-03-24","comparisonRooms":4,"comparisonRevenue":1150.089,"comparisonAdr":287.52225},{"date":"2024-03-25","comparisonRooms":12,"comparisonRevenue":1967.2349999999997,"comparisonAdr":163.93624999999997},{"date":"2024-03-26","comparisonRooms":20,"comparisonRevenue":5468.295,"comparisonAdr":273.41475},{"date":"2024-03-27","comparisonRooms":9,"comparisonRevenue":3764.0080000000003,"comparisonAdr":418.22311111111117},{"date":"2024-03-28","comparisonRooms":17,"comparisonRevenue":7336.669000000001,"comparisonAdr":431.5687647058824},{"date":"2024-03-29","comparisonRooms":10,"comparisonRevenue":3558.1800000000003,"comparisonAdr":355.81800000000004},{"date":"2024-03-30","comparisonRooms":8,"comparisonRevenue":1471.452,"comparisonAdr":183.9315},{"date":"2025-02-28","rooms":12,"revenue":7172.202,"adr":597.6835},{"date":"2025-03-01","rooms":10,"revenue":2480.71,"adr":248.071},{"date":"2025-03-02","rooms":10,"revenue":2085.71,"adr":208.571},{"date":"2025-03-03","rooms":30,"revenue":7292.1140000000005,"adr":243.07046666666668},{"date":"2025-03-04","rooms":27,"revenue":7875.304999999999,"adr":291.67796296296297},{"date":"2025-03-05","rooms":27,"revenue":8491.706000000002,"adr":314.5076296296297},{"date":"2025-03-06","rooms":26,"revenue":10146.111,"adr":390.23503846153847},{"date":"2025-03-07","rooms":26,"revenue":14792.214,"adr":568.9313076923077},{"date":"2025-03-08","rooms":14,"revenue":10548.125,"adr":753.4375},{"date":"2025-03-09","rooms":14,"revenue":2783.305,"adr":198.80749999999998},{"date":"2025-03-10","rooms":26,"revenue":4991.259,"adr":191.9715},{"date":"2025-03-11","rooms":24,"revenue":5886.143,"adr":245.25595833333333},{"date":"2025-03-12","rooms":21,"revenue":5134.618,"adr":244.50561904761906},{"date":"2025-03-13","rooms":20,"revenue":4394.148,"adr":219.7074},{"date":"2025-03-14","rooms":24,"revenue":6053.582,"adr":252.23258333333334},{"date":"2025-03-15","rooms":15,"revenue":3208.605,"adr":213.907},{"date":"2025-03-16","rooms":14,"revenue":2861.245,"adr":204.37464285714285},{"date":"2025-03-17","rooms":22,"revenue":3784.848,"adr":172.03854545454544},{"date":"2025-03-18","rooms":20,"revenue":5312.771000000001,"adr":265.63855},{"date":"2025-03-19","rooms":24,"revenue":8911.061999999998,"adr":371.2942499999999},{"date":"2025-03-20","rooms":21,"revenue":9862.741,"adr":469.65433333333334},{"date":"2025-03-21","rooms":27,"revenue":17579.408000000003,"adr":651.0891851851853},{"date":"2025-03-22","rooms":19,"revenue":4905.567,"adr":258.18773684210527},{"date":"2025-03-23","rooms":15,"revenue":3343.7490000000007,"adr":222.91660000000005},{"date":"2025-03-24","rooms":17,"revenue":7300.773999999999,"adr":429.45729411764705},{"date":"2025-03-25","rooms":59,"revenue":18753.706,"adr":317.8594237288135},{"date":"2025-03-26","rooms":32,"revenue":13303.038000000002,"adr":415.71993750000007},{"date":"2025-03-27","rooms":13,"revenue":6406.548000000001,"adr":492.81138461538467},{"date":"2025-03-28","rooms":53,"revenue":8594.895,"adr":162.16783018867926},{"date":"2025-03-29","rooms":41,"revenue":8437.377,"adr":205.78968292682927},{"date":"2025-03-30","rooms":17,"revenue":5503.8679999999995,"adr":323.75694117647055}],"status":200,"headers":{"Content-Type":"application/json"}},"expiresAt":1743366570741}