{"data":{"body":[{"date":"2023-12","comparisonRooms":1,"comparisonRevenue":650,"comparisonAdr":650},{"date":"2024-01","comparisonRooms":221,"comparisonRevenue":70078.89399999999,"comparisonAdr":317.0990678733031},{"date":"2024-02","comparisonRooms":328,"comparisonRevenue":128830.28999999998,"comparisonAdr":392.77527439024385},{"date":"2024-03","comparisonRooms":286,"comparisonRevenue":87436.5629999999,"comparisonAdr":305.7222482517479},{"date":"2024-04","comparisonRooms":539,"comparisonRevenue":162230.33400000003,"comparisonAdr":300.98392207792216},{"date":"2024-05","comparisonRooms":399,"comparisonRevenue":174425.77099999998,"comparisonAdr":437.15732080200496},{"date":"2024-06","comparisonRooms":299,"comparisonRevenue":110959.21299999997,"comparisonAdr":371.1010468227424},{"date":"2024-07","comparisonRooms":195,"comparisonRevenue":301552.871,"comparisonAdr":1546.4249794871794},{"date":"2024-08","comparisonRooms":129,"comparisonRevenue":237565.135,"comparisonAdr":1841.5901937984497},{"date":"2024-09","comparisonRooms":243,"comparisonRevenue":56059.255999999965,"comparisonAdr":230.69652674897105},{"date":"2024-10","comparisonRooms":226,"comparisonRevenue":69892.223,"comparisonAdr":309.2576238938053},{"date":"2024-11","comparisonRooms":293,"comparisonRevenue":101019.19399999996,"comparisonAdr":344.7754061433446},{"date":"2024-12","rooms":6,"revenue":1670.8690000000001,"adr":278.4781666666667,"comparisonRooms":257,"comparisonRevenue":123696.29000000031,"comparisonAdr":481.30852140077945},{"date":"2025-01","rooms":395,"revenue":9935773.606,"adr":25153.85723037975},{"date":"2025-02","rooms":425,"revenue":357806.11800000037,"adr":841.896748235295},{"date":"2025-03","rooms":771,"revenue":234887.50299999997,"adr":304.6530518806744},{"date":"2025-04","rooms":1099,"revenue":678047.9500000001,"adr":616.9681073703367},{"date":"2025-05","rooms":458,"revenue":81279.73299999996,"adr":177.46666593886454},{"date":"2025-06","rooms":305,"revenue":33393.47599999997,"adr":109.48680655737697},{"date":"2025-07","rooms":192,"revenue":17528.872999999992,"adr":91.29621354166663},{"date":"2025-08","rooms":219,"revenue":20917.971,"adr":95.5158493150685},{"date":"2025-09","rooms":119,"revenue":19025.48000000001,"adr":159.8779831932774},{"date":"2025-10","rooms":1014,"revenue":203208.70600000012,"adr":200.40306311637093},{"date":"2025-11","rooms":156,"revenue":32471.079000000012,"adr":208.14794230769238},{"date":"2025-12","rooms":100350,"revenue":2996814.064999939,"adr":29.863617987044734}],"status":200,"headers":{"Content-Type":"application/json"}},"expiresAt":1744189616530}